@MISC {web:sort,
    title   = "1\_sorting algorithms/radix sort - rosetta code\_2017",
    year    = "2017",
    url     = "https://rosettacode.org/wiki/Sorting\_algorithms/Radix\_sort",
    urldate = {2017-02-13},
    journal = "Rosettacode.org"
}

@MISC {web:logo,
    title   = "University of York Logo",
    year    = "2017",
    url     = "https://www.york.ac.uk/staff/external-relations/brand/logo/",
    urldate = {2017-03-02}
}
